@book{Borgwardt:2001,
	address = "Basel",
	author = "{Karl Heinz} Borgwardt",
	language = "de",
	publisher = "Birkh{\"a}user",
	title = "{Optimierung, Operations Research, Spieltheorie: mathematische Grundlagen}",
	year = "2001"
}

@book{Jungnickel:1999,
	address = "Heidelberg",
	author = "Dieter Jungnickel",
	language = "de",
	publisher = "Springer-Verlag",
	title = "{Optimierungsmethoden: Eine Einf{\"u}hrung}",
	year = "2008"
}

@book{ahuja:93,
	address = "Englewood Cliffs, New Jersey",
	author = "Ravindra K. Ahuja and Thomas L. Magnanti and James B. Orlin",
	isbn = "013617549X",
	language = "en",
	publisher = "Prentice Hall",
	title = "Network Flows~: {Theory, Algorithms, and Applications}",
	year = "1993"
}

@article{schrijver99,
	author = "Alexander Schrijver and Paul Seymour and Peter Winkler",
	journal = "SIAM review",
	number = "4",
	pages = "777--791",
	publisher = "SIAM",
	title = "The Ring Loading Problem",
	volume = "41",
	year = "1999"
}

